@article{ref_ma_distribuicao,
	title = "A Estabilidade Inaceit\'avel: Desigualdade e Pobreza No Brasil",
	journal = "Institui\c{c}\~ao de Pesquisa Econ\^omica Aplicada",
	author = "Barros, R. and Henriques, R. and Mendon\c{c}a, R.",
	pages = "29",
	year = "2001"
}

@article{ref_pobreza1,
	title = "Medi\c{c}\~ao da Pobreza: o que tem na linha?",
	journal = "Centro de Pobreza internacional",
	author = "Alejandro, G.",
	year = "2004"
}

@article{ref1,
	title = "Predicting poverty and wealth from mobile phone metadata",
	journal = "Science",
	author = "Blumenstock, J. and Cadamuro, G. and On, R.",
	year = "2015"
}

@article{ref2,
	title = "Measuring economic growth from outer space",
	journal = "American Economic Review",
	author = "Henderson, J. and Storeygard, A. and Weil, D.",
	year = "2012"
}

@article{ref_Krizhevsky,
	title = "Measuring economic growth from outer space",
	journal = "American Economic Review",
	author = "Henderson, J. and Storeygar, A. and Weil, D.",
	year = "2012"
}

@article{ref_Krizhevsky,
	author = {Krizhevsky, A. and Sutskever, I. and Hinton, G.},
	title = {ImageNet Classification with Deep Convolutional Neural Networks},
	pages = {9},
	year = {2012},
}

@article{ref_Lazarotto,
	author = {Lazarotto, R.},
	title = {Disitribui\c{c}\~ao de renda no Brasil - Uma an\'alise p\'os-Plano Real},
	pages = {83},
	year = {2009},
}

@article{ref_Torrey,
	author = {Torrey, L. and Shavlik, J.},
	title = {Transfer Learning},
	pages = {22},
	year = {2009},
}

@misc{ref_nacoes,
	title = {ONU: Pa\'{\i}ses chegam a acordo sobre nova agenda de desenvolvimento p\'os-2015},
	year = {2015},
	note = "[Online; Acessado 20 de Julho 2018]"
	url = {https://nacoesunidas.org/onu-paises-chegam-a-acordo-sobre-nova-agenda-de-desenvolvimento-pos-2015/},
	urldate = {2015-08-03}
}

@misc{ref_extrema_pobreza,
	publisher = {Our World in Data},
	title = {Global Extreme Poverty},
	year = {2017},
	note = "[Online; Acessado 10 de Julho 2018]",
	url = {https://ourworldindata.org/extreme-poverty},
	urldate = {2017-03-27}
}

@article{ref_IBGE,
	publisher = {Instituto Brasileiro de Geografia e Estat\'{\i}stica},
	title = {Opera\c{c}\~ao Censit\'aria},
	note = "[Online; Acessado 21 de Julho 2018]",
	url = {https://censo2010.ibge.gov.br/materiais/guia-do-censo/operacao-censitaria.html},
	year = {2018}
}